@inproceedings{morrison2011inkjet,
  title={Inkjet printing of non-Newtonian fluids},
  author={Morrison, Neil F and Harlen, Oliver G},
  booktitle={NIP \& Digital Fabrication Conference},
  volume={2011},
  number={1},
  pages={360--364},
  year={2011},
  organization={Society for Imaging Science and Technology}
}

@article{rodriguez2015experimental,
  title={Experimental and linear analysis for the instability of non-N ewtonian liquid jets issuing from a pressurized vibrating nozzle},
  author={Rodr{\'\i}guez-Rivero, Cristina and Del Valle, Eva MM and Gal{\'a}n, Miguel A},
  journal={AIChE Journal},
  volume={61},
  number={6},
  pages={2070--2078},
  year={2015},
  publisher={Wiley Online Library}
}


@article{mcilroy2013modelling,
  title={Modelling the jetting of dilute polymer solutions in drop-on-demand inkjet printing},
  author={McIlroy, Claire and Harlen, OG and Morrison, NF},
  journal={Journal of Non-Newtonian Fluid Mechanics},
  volume={201},
  pages={17--28},
  year={2013},
  publisher={Elsevier}
}

@article{rayleigh1892xvi,
  title={XVI. On the instability of a cylinder of viscous liquid under capillary force},
  author={Rayleigh, Lord},
  journal={The London, Edinburgh, and Dublin Philosophical Magazine and Journal of Science},
  volume={34},
  number={207},
  pages={145--154},
  year={1892},
  publisher={Taylor \& Francis}
}

@article{gordon1973instability,
  title={Instability of Jets of Non-Newtonian Fluids},
  author={Gordon, Marvin and Yerushalmi, Joseph and Shinnar, Reuel},
  journal={Transactions of The Society of Rheology (1957-1977)},
  volume={17},
  number={2},
  pages={303--324},
  year={1973},
  publisher={The Society of Rheology}
}

@article{zimm1956dynamics,
  title={Dynamics of polymer molecules in dilute solution: viscoelasticity, flow birefringence and dielectric loss},
  author={Zimm, Bruno H},
  journal={The journal of chemical physics},
  volume={24},
  number={2},
  pages={269--278},
  year={1956},
  publisher={AIP Publishing}
}

@article{keshavarz2015studying,
  title={Studying the effects of elongational properties on atomization of weakly viscoelastic solutions using Rayleigh Ohnesorge Jetting Extensional Rheometry (ROJER)},
  author={Keshavarz, Bavand and Sharma, Vivek and Houze, Eric C and Koerner, Michael R and Moore, John R and Cotts, Patricia M and Threlfall-Holmes, Philip and McKinley, Gareth H},
  journal={Journal of Non-Newtonian Fluid Mechanics},
  volume={222},
  pages={171--189},
  year={2015},
  publisher={Elsevier}
}

@article{galindo2013microdevices,
  title={Microdevices for extensional rheometry of low viscosity elastic liquids: a review},
  author={Galindo-Rosales, Francisco J and Alves, MA and Oliveira, M{\'o}nica SN},
  journal={Microfluidics and nanofluidics},
  volume={14},
  number={1-2},
  pages={1--19},
  year={2013},
  publisher={Springer}
}

@inproceedings{oldroyd1950formulation,
  title={On the formulation of rheological equations of state},
  author={Oldroyd, JG},
  booktitle={Proceedings of the Royal Society of London A: Mathematical, Physical and Engineering Sciences},
  volume={200},
  number={1063},
  pages={523--541},
  year={1950},
  organization={The Royal Society}
}

@article{buchanan2005high,
  title={High-frequency microrheology of wormlike micelles},
  author={Buchanan, M and Atakhorrami, M and Palierne, JF and MacKintosh, FC and Schmidt, CF},
  journal={Physical Review E},
  volume={72},
  number={1},
  pages={011504},
  year={2005},
  publisher={APS}
}

@article{larson2015modeling,
  title={Modeling the rheology of polymer melts and solutions},
  author={Larson, Ronald G and Desai, Priyanka S},
  journal={Annual Review of Fluid Mechanics},
  volume={47},
  pages={47--65},
  year={2015},
  publisher={Annual Reviews}
}

@article{christanti2002effect,
  title={Effect of fluid relaxation time of dilute polymer solutions on jet breakup due to a forced disturbance},
  author={Christanti, Yenny and Walker, Lynn M},
  journal={Journal of Rheology (1978-present)},
  volume={46},
  number={3},
  pages={733--748},
  year={2002},
  publisher={The Society of Rheology}
}
@book{de1979scaling,
  title={Scaling concepts in polymer physics},
  author={De Gennes, Pierre-Gilles},
  year={1979},
  publisher={Cornell university press}
}

@article{rouse1953theory,
  title={A theory of the linear viscoelastic properties of dilute solutions of coiling polymers},
  author={Rouse Jr, Prince E},
  journal={The Journal of Chemical Physics},
  volume={21},
  number={7},
  pages={1272--1280},
  year={1953},
  publisher={AIP Publishing}
}

@article{cervone2010simulation,
  title={Simulation of axisymmetric jets with a finite element Navier--Stokes solver and a multilevel VOF approach},
  author={Cervone, A and Manservisi, Sandro and Scardovelli, Ruben},
  journal={Journal of Computational Physics},
  volume={229},
  number={19},
  pages={6853--6873},
  year={2010},
  publisher={Elsevier}
}

@article{delteil2011numerical,
  title={Numerical investigations in Rayleigh breakup of round liquid jets with VOF methods},
  author={Delteil, Julien and Vincent, St{\'e}phane and Erriguible, Arnaud and Subra-Paternault, Pascale},
  journal={Computers \& Fluids},
  volume={50},
  number={1},
  pages={10--23},
  year={2011},
  publisher={Elsevier}
}
@article{deshpande2012evaluating,
  title={Evaluating the performance of the two-phase flow solver interFoam},
  author={Deshpande, Suraj S and Anumolu, Lakshman and Trujillo, Mario F},
  journal={Computational science \& discovery},
  volume={5},
  number={1},
  pages={014016},
  year={2012},
  publisher={IOP Publishing}
}

@book{chandrasekhar2013hydrodynamic,
  title={Hydrodynamic and hydromagnetic stability},
  author={Chandrasekhar, Subrahmanyan},
  year={2013},
  publisher={Courier Corporation}
}